@article{RN36,
  author  = {Khan, Fawad Salam and Mohd, Mohd Norzali Haji and Soomro, Dur Muhammad and Bagchi, Susama and Khan, M. Danial},
  title   = {3D Hand Gestures Segmentation and Optimized Classification Using Deep Learning},
  journal = {IEEE Access},
  volume  = {9},
  pages   = {131614-131624},
  issn    = {2169-3536},
  doi     = {10.1109/access.2021.3114871},
  year    = {2021},
  type    = {Journal Article}
}
